% Este é o seu banco de dados de referências

@misc{NBR10520,
address = {Rio de Janeiro},
author = {{ASSO{\c{C}}{\~{A}}O BRASILEIRA DE NORMAS T{\'{E}}CNICAS}},
title = {{ABNT NBR 10520 – Informa{\c{c}}{\~{a}}o e documenta{\c{c}}{\~{a}}o – Cita{\c{c}}{\~{o}}es em documentos – Apresenta{\c{c}}{\~{a}}o}},
publisher = {ABNT},
year = {2002}
}

@misc{NBR14724,
address = {Rio de Janeiro},
author = {{ASSO{\c{C}}{\~{A}}O BRASILEIRA DE NORMAS T{\'{E}}CNICAS}},
title = {{ABNT NBR 14724 – Informa{\c{c}}{\~{a}}o e documenta{\c{c}}{\~{a}}o – Trabalhos acad\^{e}micos – Apresenta{\c{c}}{\~{a}}o}},
publisher = {ABNT},
year = {2011}
}

@misc{NBR6023,
address = {Rio de Janeiro},
author = {{ASSO{\c{C}}{\~{A}}O BRASILEIRA DE NORMAS T{\'{E}}CNICAS}},
title = {{ABNT NBR 14724 – Informa{\c{c}}{\~{a}}o e documenta{\c{c}}{\~{a}}o – Refer\^{e}ncias – Elabora{\c{c}}{\~{a}}o}},
publisher = {ABNT},
year = {2018}
}

@inproceedings{Zucolotto,
author = {Zucolotto, V},
title = {Módulo 02 - "Títulos, Autores e Abstract"},
booktitle ={Curso de Escrita Científica},
publisher={YouTube},
url = {https://youtu.be/e968B1PwIbs},
urlaccessdate = {14JAN2020},
year = {2020}
}

@book{volpato_dicas_2010,
	address = {São Paulo},
	edition = {3},
	title = {Dicas para {Redação} {Científica}},
	isbn = { 978-8564201071},
	publisher = {Cultura Acadêmica},
	author = {Volpato, Gilson L.},
	year = {2010},
}
